
    <record>
        <leader>00000nz  a2200169   4500</leader>
        <controlfield tag="001">30003742</controlfield>
        <controlfield tag="003">RISM</controlfield>
        <controlfield tag="005">20160216</controlfield>
        <controlfield tag="008">160216n||az|||||||##########||||||||||||</controlfield>
        <datafield tag="040" ind1=" " ind2=" ">
            <subfield code="a">LT-Va</subfield>
        </datafield>
        <datafield tag="043" ind1=" " ind2=" ">
            <subfield code="c">XA-LT</subfield>
        </datafield>
        <datafield tag="110" ind1="2" ind2=" ">
            <subfield code="a">Lietuvos mokslų akademija Vrublevskių biblioteka</subfield>
            <subfield code="c">Vilnius</subfield>
            <subfield code="g">LT-Va</subfield>
        </datafield>
        <datafield tag="410" ind1="2" ind2=" ">
            <subfield code="a">Lietuvos mokslų akademija biblioteka</subfield>
        </datafield>
        <datafield tag="410" ind1="2" ind2=" ">
            <subfield code="a">Lithuanian Academy of Sciences, Library</subfield>
        </datafield>
        <datafield tag="622" ind1=" " ind2=" ">
            <subfield code="e">Lietuvos mokslų akademija, vrublevskių biblioteka, Žygimantų 1/8, 01102 Vilnius, Lithuania</subfield>
            <subfield code="u">http://www.mab.lt/</subfield>
        </datafield>
    </record>