
    <record>
        <leader>00000nz  a2200169   4500</leader>
        <controlfield tag="001">30070234</controlfield>
        <controlfield tag="003">RISM</controlfield>
        <controlfield tag="005">20160216</controlfield>
        <controlfield tag="008">160216n||az|||||||##########||||||||||||</controlfield>
        <datafield tag="040" ind1=" " ind2=" ">
            <subfield code="a">LT-Vb</subfield>
        </datafield>
        <datafield tag="043" ind1=" " ind2=" ">
            <subfield code="c">XA-LT</subfield>
        </datafield>
        <datafield tag="110" ind1="2" ind2=" ">
            <subfield code="a">Šv. Pranciškaus ir Šv. Bernardino vienuolynas</subfield>
            <subfield code="c">Vilnius</subfield>
            <subfield code="g">LT-Vb</subfield>
        </datafield>
        <datafield tag="622" ind1=" " ind2=" ">
            <subfield code="e">Šv. Pranciškaus ir Šv. Bernardino,  vienuolynas, Maironio g. 10, 01124 Vilnius, Lithuania</subfield>
            <subfield code="u">http://www.ofm.lt/bendruomenes/vilnius</subfield>
        </datafield>
    </record>