
    <record>
        <leader>00000nz  a2200169   4500</leader>
        <controlfield tag="001">30005763</controlfield>
        <controlfield tag="003">RISM</controlfield>
        <controlfield tag="005">20160216</controlfield>
        <controlfield tag="008">160216n||az|||||||##########||||||||||||</controlfield>
        <datafield tag="040" ind1=" " ind2=" ">
            <subfield code="a">LT-Vn</subfield>
        </datafield>
        <datafield tag="043" ind1=" " ind2=" ">
            <subfield code="c">XA-LT</subfield>
        </datafield>
        <datafield tag="110" ind1="2" ind2=" ">
            <subfield code="a">Lietuvos nacionalinė Martyno Mažvydo biblioteka, muzikos skyrius</subfield>
            <subfield code="c">Vilnius</subfield>
            <subfield code="g">LT-Vn</subfield>
        </datafield>
        <datafield tag="410" ind1="2" ind2=" ">
            <subfield code="a">Martynas Mažvydas National Library of Lithuania, Music Department</subfield>
        </datafield>
        <datafield tag="622" ind1=" " ind2=" ">
            <subfield code="e">Lietuvos nacionalinė Martyno Mažvydo, biblioteka, muzikos skyrius, Gedimino pr. 51, 01504 Vilnius, Lithuania</subfield>
            <subfield code="u">http://www.lnb.lt</subfield>
        </datafield>
    </record>