
    <record>
        <leader>00000nz  a2200169   4500</leader>
        <controlfield tag="001">30005764</controlfield>
        <controlfield tag="003">RISM</controlfield>
        <controlfield tag="005">20160216</controlfield>
        <controlfield tag="008">160216n||az|||||||##########||||||||||||</controlfield>
        <datafield tag="040" ind1=" " ind2=" ">
            <subfield code="a">LT-Vu</subfield>
        </datafield>
        <datafield tag="043" ind1=" " ind2=" ">
            <subfield code="c">XA-LT</subfield>
        </datafield>
        <datafield tag="110" ind1="2" ind2=" ">
            <subfield code="a">Vilniaus universiteto biblioteka</subfield>
            <subfield code="c">Vilnius</subfield>
            <subfield code="g">LT-Vu</subfield>
        </datafield>
        <datafield tag="410" ind1="2" ind2=" ">
            <subfield code="a">Vilnius University Library</subfield>
        </datafield>
        <datafield tag="622" ind1=" " ind2=" ">
            <subfield code="e">Vilniaus universiteto biblioteka, Universiteto g. 3, 01122 Vilnius, Lithuania</subfield>
            <subfield code="u">http://www.mb.vu.lt/</subfield>
        </datafield>
    </record>
</collection>

